<record xmlns="http://www.loc.gov/MARC21/slim" xmlns:xsi="http://www.w3.org/2001/XMLSchema-instance" xsi:schemaLocation="http://www.loc.gov/MARC21/slim http://www.loc.gov/standards/marcxml/schema/MARC21slim.xsd"><leader>00037nz   2200037n  4500</leader><controlfield tag="001">DNB|102400504</controlfield><controlfield tag="003">DNB</controlfield><controlfield tag="005">20080405190909.0</controlfield><controlfield tag="008">930416n||aznnnabbn           | aaa    |c</controlfield><datafield ind1=" " ind2=" " tag="035"><subfield code="a">(DE-101)102400504</subfield></datafield><datafield ind1=" " ind2=" " tag="035"><subfield code="a">(DE-588a)102400504</subfield></datafield><datafield ind1=" " ind2=" " tag="040"><subfield code="a">DE-12</subfield><subfield code="b">ger</subfield><subfield code="c">DE-101</subfield><subfield code="e">rakwb</subfield><subfield code="d">9999</subfield></datafield><datafield ind1=" " ind2=" " tag="079"><subfield code="a">p</subfield><subfield code="q">f</subfield><subfield code="q">p</subfield><subfield code="t">12-PAN</subfield></datafield><datafield ind1="0" ind2=" " tag="100"><subfield code="a">Nico</subfield><subfield code="c">Comicus</subfield><subfield code="d">ca. 4. Jh. v. Chr.</subfield></datafield><datafield ind1=" " ind2=" " tag="549"><subfield code="w">i</subfield><subfield code="i">Lebensdaten</subfield><subfield code="a">ca. 4. Jh. v. Chr.</subfield></datafield><datafield ind1=" " ind2=" " tag="678"><subfield code="a">FCG 4,578</subfield></datafield><datafield ind1=" " ind2=" " tag="996"><subfield code="2">SWNL|vtls000150617</subfield></datafield><datafield ind1=" " ind2=" " tag="996"><subfield code="2">PICA|072987804</subfield></datafield><datafield ind1=" " ind2=" " tag="996"><subfield code="2">LC|nb2001038371</subfield></datafield><datafield ind1=" " ind2=" " tag="996"><subfield code="2">PICA|100039928</subfield></datafield><datafield ind1=" " ind2=" " tag="996"><subfield code="2">PICA|072836458</subfield></datafield><datafield ind1=" " ind2=" " tag="996"><subfield code="2">BNE|XX1222627</subfield></datafield><datafield ind1=" " ind2=" " tag="996"><subfield code="2">PICA|102275408</subfield></datafield><datafield ind1=" " ind2=" " tag="996"><subfield code="2">BNE|XX4827466</subfield></datafield><datafield ind1=" " ind2=" " tag="996"><subfield code="2">LC|no 98033616</subfield></datafield><datafield ind1=" " ind2=" " tag="997"><subfield code="a">-300 0 flourished</subfield><subfield code="9">1</subfield></datafield></record>